@techreport{clm45_note,
	title={Technical description of version 4.5 of the Community Land Model (CLM)},
	author={Oleson, Keith W. and Drewniak, Beth and Huang, Maoyi, and Koven, Charles D. and Levis, Samuel and Li, Fang and Riley, William J. and Subin, Zachary M. and Swenson, Sean C. and Thornton, Peter.E.},
	institution={NCAR Earth System Laboratory Climate and Global Dynamics Division},
	year={2013}
}
@article{worldclim,
	title={WorldClim-2: New 1-km spatial resolution climate surfaces for global land areas.},
    author={Fick, S. E. and Hijmans, R. J.},
	journal={International Journal of Climatology},
	year={2017}
}
@article{Reich_2014,
	doi = {10.1073/pnas.1216054110},
	url = {https://doi.org/10.1073%2Fpnas.1216054110},
	year = 2014,
	month = {sep},
	publisher = {Proceedings of the National Academy of Sciences},
	volume = {111},
	number = {38},
	pages = {13703--13708},
	author = {P. B. Reich and R. L. Rich and X. Lu and Y.-P. Wang and J. Oleksyn},
	title = {Biogeographic variation in evergreen conifer needle longevity and impacts on boreal forest carbon cycle projections},
	journal = {Proceedings of the National Academy of Sciences}
}
@article{Ali_2015,
	doi = {10.1890/14-2111.1},
	url = {https://doi.org/10.1890%2F14-2111.1},
	year = 2015,
	month = {dec},
	publisher = {Wiley-Blackwell},
	volume = {25},
	number = {8},
	pages = {2349--2365},
	author = {Ashehad A. Ali and Chonggang Xu and Alistair Rogers and Nathan G. McDowell and Belinda E. Medlyn and Rosie A. Fisher and Stan D. Wullschleger and Peter B. Reich and Jasper A. Vrugt and William L. Bauerle and Louis S. Santiago and Cathy J. Wilson},
	title = {Global-scale environmental control of plant photosynthetic capacity},
	journal = {Ecological Applications}
}
@article{kattge_2009_vcmax,
	doi = {10.1111/j.1365-2486.2008.01744.x},
	url = {https://doi.org/10.1111%2Fj.1365-2486.2008.01744.x},
	year = 2009,
	month = {apr},
	publisher = {Wiley-Blackwell},
	volume = {15},
	number = {4},
	pages = {976--991},
	author = {Jens Kattge and Wolfgang Knorr and Thomas Raddatz and Christian Wirth},
	title = {Quantifying photosynthetic capacity and its relationship to leaf nitrogen content for global-scale terrestrial biosphere models},
	journal = {Global Change Biology}
}
@article{Snyder_2004,
	doi = {10.1007/s00382-004-0430-0},
	url = {https://doi.org/10.1007%2Fs00382-004-0430-0},
	year = 2004,
	month = {jul},
	publisher = {Springer Nature},
	volume = {23},
	number = {3-4},
	pages = {279--302},
	author = {P. K. Snyder and C. Delire and J. A. Foley},
	title = {Evaluating the influence of different vegetation biomes on the global climate},
	journal = {Climate Dynamics}
}
@misc{linkages,
    author = {W. M. Post and J. Pastor},
    year = 2013,
    title = {LINKAGES: An individually-based Forest Ecosystem Biogeochemistry Model},
    publisher = {ORNL DAAC},
    doi = {10.3334/ORNLDAAC/1166}
}
@article{robakowski_2004_needle,
	doi = {10.1016/j.foreco.2004.06.029},
	url = {https://doi.org/10.1016%2Fj.foreco.2004.06.029},
	year = 2004,
	month = {nov},
	publisher = {Elsevier {BV}},
	volume = {201},
	number = {2-3},
	pages = {211--227},
	author = {Piotr Robakowski and Tomasz Wyka and S{\l}awomir Samardakiewicz and Daniel Kierzkowski},
	title = {Growth, photosynthesis, and needle structure of silver fir (Abies alba Mill.) seedlings under different canopies},
	journal = {Forest Ecology and Management}
}
@article{lloyd_les,
	doi = {10.1111/nph.12281},
	url = {https://doi.org/10.1111%2Fnph.12281},
	year = 2013,
	month = {apr},
	publisher = {Wiley-Blackwell},
	volume = {199},
	number = {2},
	pages = {311--321},
	author = {Jon Lloyd and Keith Bloomfield and Tomas F. Domingues and Graham D. Farquhar},
	title = {Photosynthetically relevant foliar traits correlating better on a mass vs an area basis: of ecophysiological relevance or just a case of mathematical imperatives and statistical quicksand?},
	journal = {New Phytologist}
}
@article{westoby_lloyd_response,
	doi = {10.1111/nph.12345},
	url = {https://doi.org/10.1111%2Fnph.12345},
	year = 2013,
	month = {may},
	publisher = {Wiley-Blackwell},
	volume = {199},
	number = {2},
	pages = {322--323},
	author = {Mark Westoby and Peter B. Reich and Ian J. Wright},
	title = {Understanding ecological variation across species: area-based vs mass-based expression of leaf traits},
	journal = {New Phytologist}
}
@article{poorter_les_response,
	doi = {10.1111/nph.12547},
	url = {https://doi.org/10.1111%2Fnph.12547},
	year = 2013,
	month = {oct},
	publisher = {Wiley-Blackwell},
	volume = {201},
	number = {2},
	pages = {378--382},
	author = {Hendrik Poorter and Hans Lambers and John R. Evans},
	title = {Trait correlation networks: a whole-plant perspective on the recently criticized leaf economic spectrum},
	journal = {New Phytologist}
}
@article{bartlett_hydraulic,
	doi = {10.1073/pnas.1604088113},
	url = {https://doi.org/10.1073%2Fpnas.1604088113},
	year = 2016,
	month = {nov},
	publisher = {Proceedings of the National Academy of Sciences},
	volume = {113},
	number = {46},
	pages = {13098--13103},
	author = {Megan K. Bartlett and Tamir Klein and Steven Jansen and Brendan Choat and Lawren Sack},
	title = {The correlations and sequence of plant stomatal, hydraulic, and wilting responses to drought},
	journal = {Proceedings of the National Academy of Sciences}
}
@article{chave_woodeconomics,
	doi = {10.1111/j.1461-0248.2009.01285.x},
	url = {https://doi.org/10.1111%2Fj.1461-0248.2009.01285.x},
	year = 2009,
	month = {apr},
	publisher = {Wiley-Blackwell},
	volume = {12},
	number = {4},
	pages = {351--366},
	author = {Jerome Chave and David Coomes and Steven Jansen and Simon L. Lewis and Nathan G. Swenson and Amy E. Zanne},
	title = {Towards a worldwide wood economics spectrum},
	journal = {Ecology Letters}
}
@article{jansen_hydraulic_traits,
	doi = {10.1111/nph.13229},
	url = {https://doi.org/10.1111%2Fnph.13229},
	year = 2015,
	month = {jan},
	publisher = {Wiley-Blackwell},
	volume = {205},
	number = {3},
	pages = {961--964},
	author = {Steven Jansen and Bernhard Schuldt and Brendan Choat},
	title = {Current controversies and challenges in applying plant hydraulic techniques},
	journal = {New Phytologist}
}
@book{gelman_bayesian,
    title = {Bayesian Data Analysis},
    author = {Andrew Gelman and John B. Carlin and Hal S. Stern and Donald B. Rubin},
    year = 2003,
    publisher = {Chapman & Hall/CRC Texts in Statistical Science}
}
@Manual{rstats,
    title = {R: A Language and Environment for Statistical Computing},
    author = {{R Core Team}},
    organization = {R Foundation for Statistical Computing},
    address = {Vienna, Austria},
    year = {2017},
    url = {https://www.R-project.org/}
}
@article{rosado_trait_dominance,
	doi = {10.1111/j.1654-1103.2009.01119.x},
	url = {https://doi.org/10.1111%2Fj.1654-1103.2009.01119.x},
	year = 2010,
	month = {feb},
	publisher = {Wiley-Blackwell},
	volume = {21},
	number = {1},
	pages = {43--54},
	author = {Bruno Henrique P Rosado and Eduardo A de Mattos},
	title = {Interspecific variation of functional traits in a {CAM}-tree dominated sandy coastal plain},
	journal = {Journal of Vegetation Science}
}
@article{pierce_csr_cooccur,
	doi = {10.1111/1365-2435.12894},
	url = {https://doi.org/10.1111%2F1365-2435.12894},
	year = 2017,
	month = {may},
	publisher = {Wiley-Blackwell},
	volume = {31},
	number = {10},
	pages = {1969--1974},
	author = {Bruno H. P. Rosado and Eduardo A. de Mattos},
	editor = {Jennifer Baltzer},
	title = {On the relative importance of {CSR} ecological strategies and integrative traits to explain species dominance at local scales},
	journal = {Functional Ecology}
}
@book{grim_pierce_book,
	doi = {10.1002/9781118223246},
	url = {https://doi.org/10.1002%2F9781118223246},
	year = 2012,
	month = {apr},
	publisher = {John Wiley {\&} Sons, Ltd},
	author = {J. Philip Grime and Simon Pierce},
	title = {The Evolutionary Strategies that Shape Ecosystems}
}
@article{messier_traitnetwork,
	doi = {10.1111/1365-2745.12755},
	url = {https://doi.org/10.1111%2F1365-2745.12755},
	year = 2017,
	month = {mar},
	publisher = {Wiley-Blackwell},
	volume = {105},
	number = {6},
	pages = {1775--1790},
	author = {Julie Messier and Martin J. Lechowicz and Brian J. McGill and Cyrille Violle and Brian J. Enquist},
	editor = {Hans Cornelissen},
	title = {Interspecific integration of trait dimensions at local scales: the plant phenotype as an integrated network},
	journal = {Journal of Ecology}
}
