@article{try_data_01,
	doi = {10.1111/j.1365-2745.2008.01430.x},
	url = {https://doi.org/10.1111%2Fj.1365-2745.2008.01430.x},
	year = 2008,
	month = {nov},
	publisher = {Wiley-Blackwell},
	volume = {96},
	number = {6},
	pages = {1266--1274},
	author = {M. Kleyer and R.M. Bekker and I.C. Knevel and J.P. Bakker and K. Thompson and M. Sonnenschein and P. Poschlod and J.M. van Groenendael and L. Klime{\v{s}} and J. Klime{\v{s}}ov{\'{a}} and S. Klotz and G.M. Rusch and M. Hermy and D. Adriaens and G. Boedeltje and B. Bossuyt and A. Dannemann and P. Endels and L. Götzenberger and J.G. Hodgson and A-K. Jackel and I. Kühn and D. Kunzmann and W.A. Ozinga and C. Römermann and M. Stadler and J. Schlegelmilch and H.J. Steendam and O. Tackenberg and B. Wilmann and J.H.C. Cornelissen and O. Eriksson and E. Garnier and B. Peco},
	title = {The {LEDA} Traitbase: a database of life-history traits of the Northwest European flora},
	journal = {Journal of Ecology}
}
@incollection{try_data_02,
	doi = {10.1007/978-3-540-92706-8_5},
	url = {https://doi.org/10.1007%2F978-3-540-92706-8_5},
	year = 2009,
	publisher = {Springer Berlin Heidelberg},
	pages = {81--113},
	author = {Christian Wirth and Jeremy W. Lichstein},
	title = {The Imprint of Species Turnover on Old-Growth Forest Carbon Balances - Insights From a Trait-Based Model of Forest Dynamics},
	booktitle = {Old-Growth Forests}
}
@article{try_data_03,
    crossref = {baraloto_decoupled_2010}
}
@article{try_data_04,
	doi = {10.1111/j.1469-8137.2009.02917.x},
	url = {https://doi.org/10.1111%2Fj.1469-8137.2009.02917.x},
	year = 2009,
	month = {sep},
	publisher = {Wiley-Blackwell},
	volume = {183},
	number = {4},
	pages = {980--992},
	author = {Joseph M. Craine and Andrew J. Elmore and Marcos P. M. Aidar and Mercedes Bustamante and Todd E. Dawson and Erik A. Hobbie and Ansgar Kahmen and Michelle C. Mack and Kendra K. McLauchlan and Anders Michelsen and Gabriela B. Nardoto and Linda H. Pardo and Josep Pe{\~{n}}uelas and Peter B. Reich and Edward A. G. Schuur and William D. Stock and Pamela H. Templer and Ross A. Virginia and Jeffrey M. Welker and Ian J. Wright},
	title = {Global patterns of foliar nitrogen isotopes and their relationships with climate, mycorrhizal fungi, foliar nutrient concentrations, and nitrogen availability},
	journal = {New Phytologist}
}
@article{try_data_05,
	doi = {10.1007/s00442-009-1291-3},
	url = {https://doi.org/10.1007%2Fs00442-009-1291-3},
	year = 2009,
	month = {feb},
	publisher = {Springer Nature},
	volume = {160},
	number = {2},
	pages = {207--212},
	author = {Peter B. Reich and Jacek Oleksyn and Ian J. Wright},
	title = {Leaf phosphorus influences the photosynthesis{\textendash}nitrogen relation: a cross-biome analysis of 314 species},
	journal = {Oecologia}
}
@incollection{try_data_06,
	doi = {10.1007/978-3-642-94678-3_8},
	url = {https://doi.org/10.1007%2F978-3-642-94678-3_8},
	year = 1956,
	publisher = {Springer Berlin Heidelberg},
	pages = {64--123},
	author = {F. J. Veihmeyer},
	title = {Soil moisture},
	booktitle = {Pflanze und Wasser / Water Relations of Plants}
}
@article{try_data_07,
	doi = {10.1007/s11258-010-9753-6},
	url = {https://doi.org/10.1007%2Fs11258-010-9753-6},
	year = 2010,
	month = {mar},
	publisher = {Springer Nature},
	volume = {210},
	number = {2},
	pages = {253--261},
	author = {Bruno E. L. Cerabolini and Guido Brusa and Roberta M. Ceriani and Rossella De Andreis and Alessandra Luzzaro and Simon Pierce},
	title = {Can {CSR} classification be generally applied outside Britain?},
	journal = {Plant Ecology}
}
@article{try_data_08,
	doi = {10.1890/09-2335.1},
	url = {https://doi.org/10.1890%2F09-2335.1},
	year = 2010,
	month = {dec},
	publisher = {Wiley-Blackwell},
	volume = {91},
	number = {12},
	pages = {3664--3674},
	author = {S. Joseph Wright and Kaoru Kitajima and Nathan J. B. Kraft and Peter B. Reich and Ian J. Wright and Daniel E. Bunker and Richard Condit and James W. Dalling and Stuart J. Davies and Sandra D{\'{\i}}az and Bettina M. J. Engelbrecht and Kyle E. Harms and Stephen P. Hubbell and Christian O. Marks and Maria C. Ruiz-Jaen and Cristina M. Salvador and Amy E. Zanne},
	title = {Functional traits and the growth{\textendash}mortality trade-off in tropical trees},
	journal = {Ecology}
}
@article{try_data_09,
    crossref = {wright_worldwide_2004}
}
@article{try_data_10,
	doi = {10.1016/s0098-8472(03)00019-4},
	url = {https://doi.org/10.1016%2Fs0098-8472%2803%2900019-4},
	year = 2003,
	month = {oct},
	publisher = {Elsevier {BV}},
	volume = {50},
	number = {2},
	pages = {137--148},
	author = {Rom{\`{a}} Ogaya and Josep Pe{\~{n}}uelas},
	title = {Comparative field study of Quercus ilex and Phillyrea latifolia: photosynthetic response to experimental drought conditions},
	journal = {Environmental and Experimental Botany}
}
@article{try_data_11,
	doi = {10.1890/11-1749.1},
	url = {https://doi.org/10.1890%2F11-1749.1},
	year = 2012,
	month = {mar},
	publisher = {Wiley-Blackwell},
	volume = {93},
	number = {3},
	pages = {689--690},
	author = {Asem A. Akhmetzhanova and Nadejda A. Soudzilovskaia and Vladimir G. Onipchenko and Will K. Cornwell and Vladimir A. Agafonov and Ivan A. Selivanov and Johannes H. C. Cornelissen},
	title = {A rediscovered treasure: mycorrhizal intensity database for 3000 vascular plant species across the former Soviet Union},
	journal = {Ecology}
}
@article{try_data_12,
	doi = {10.1111/j.1654-1103.2011.01350.x},
	url = {https://doi.org/10.1111%2Fj.1654-1103.2011.01350.x},
	year = 2011,
	month = {oct},
	publisher = {Wiley-Blackwell},
	volume = {23},
	number = {2},
	pages = {208--222},
	author = {C{\'{e}}dric Frenette-Dussault and Bill Shipley and Jean-Fran{\c{c}}ois L{\'{e}}ger and Driss Meziane and Yves Hingrat},
	editor = {Peter Adler},
	title = {Functional structure of an arid steppe plant community reveals similarities with Grime{\textquotesingle}s C-S-R theory},
	journal = {Journal of Vegetation Science}
}
@article{try_data_13,
	doi = {10.1046/j.1365-3040.1999.00523.x},
	url = {https://doi.org/10.1046%2Fj.1365-3040.1999.00523.x},
	year = 1999,
	month = {dec},
	publisher = {Wiley-Blackwell},
	volume = {22},
	number = {12},
	pages = {1475--1495},
	author = {B. E. Medlyn and F. -W. Badeck and D. G. G. De Pury and C. V. M. Barton and M. Broadmeadow and R. Ceulemans and P. De Angelis and M. Forstreuter and M. E. Jach and S. Kellomäki and E. Laitat and M. Marek and S. Philippot and A. Rey and J. Strassemeyer and K. Laitinen and R. Liozon and B. Portier and P. Roberntz and K. Wang and P. G. Jstbid},
	title = {Effects of elevated [{CO}2] on photosynthesis in European forest species: a meta-analysis of model parameters},
	journal = {Plant, Cell {\&} Environment}
}
@article{try_data_14,
    crossref = {kattge_2009_vcmax}
}
@article{try_data_15,
    crossref = {laughlin_multi-trait_2010}
}
@article{try_data_16,
	doi = {10.1016/j.agee.2011.06.025},
	url = {https://doi.org/10.1016%2Fj.agee.2011.06.025},
	year = 2011,
	month = {dec},
	publisher = {Elsevier {BV}},
	volume = {145},
	number = {1},
	pages = {38--48},
	author = {Giandiego Campetella and Zolt{\'{a}}n Botta-Duk{\'{a}}t and Camilla Wellstein and Roberto Canullo and Simone Gatto and Stefano Chelli and Ladislav Mucina and S{\'{a}}ndor Bartha},
	title = {Patterns of plant trait{\textendash}environment relationships along a forest succession chronosequence},
	journal = {Agriculture, Ecosystems {\&} Environment}
}
@article{try_data_17,
	doi = {10.1111/j.1654-1103.2012.01473.x},
	url = {https://doi.org/10.1111%2Fj.1654-1103.2012.01473.x},
	year = 2012,
	month = {aug},
	publisher = {Wiley-Blackwell},
	volume = {24},
	number = {3},
	pages = {419--428},
	author = {S{\'{e}}bastien Auger and Bill Shipley},
	editor = {Francesco de Bello},
	title = {Inter-specific and intra-specific trait variation along short environmental gradients in an old-growth temperate forest},
	journal = {Journal of Vegetation Science}
}
@article{try_data_18,
	doi = {10.5194/bg-6-2677-2009},
	url = {https://doi.org/10.5194%2Fbg-6-2677-2009},
	year = 2009,
	month = {nov},
	publisher = {Copernicus {GmbH}},
	volume = {6},
	number = {11},
	pages = {2677--2708},
	author = {N. M. Fyllas and S. Pati{\~{n}}o and T. R. Baker and G. Bielefeld Nardoto and L. A. Martinelli and C. A. Quesada and R. Paiva and M. Schwarz and V. Horna and L. M. Mercado and A. Santos and L. Arroyo and E. M. Jim{\'{e}}nez and F. J. Luiz{\~{a}}o and D. A. Neill and N. Silva and A. Prieto and A. Rudas and M. Silviera and I. C. G. Vieira and G. Lopez-Gonzalez and Y. Malhi and O. L. Phillips and J. Lloyd},
	title = {Basin-wide variations in foliar properties of Amazonian forest: phylogeny, soils and climate},
	journal = {Biogeosciences}
}
@article{try_data_19,
	doi = {10.3732/ajb.1200062},
	url = {https://doi.org/10.3732%2Fajb.1200062},
	year = 2012,
	month = {nov},
	publisher = {Botanical Society of America},
	volume = {99},
	number = {11},
	pages = {1756--1763},
	author = {B. Blonder and V. Buzzard and I. Simova and L. Sloat and B. Boyle and R. Lipson and B. Aguilar-Beaucage and A. Andrade and B. Barber and C. Barnes and D. Bushey and P. Cartagena and M. Chaney and K. Contreras and M. Cox and M. Cueto and C. Curtis and M. Fisher and L. Furst and J. Gallegos and R. Hall and A. Hauschild and A. Jerez and N. Jones and A. Klucas and A. Kono and M. Lamb and J. D. R. Matthai and C. McIntyre and J. McKenna and N. Mosier and M. Navabi and A. Ochoa and L. Pace and R. Plassmann and R. Richter and B. Russakoff and H. S. Aubyn and R. Stagg and M. Sterner and E. Stewart and T. T. Thompson and J. Thornton and P. J. Trujillo and T. J. Volpe and B. J. Enquist},
	title = {The leaf-area shrinkage effect can bias paleoclimate and ecology research},
	journal = {American Journal of Botany}
}
@article{try_data_20,
	doi = {10.1111/j.1654-1103.2003.tb02157.x},
	url = {https://doi.org/10.1111%2Fj.1654-1103.2003.tb02157.x},
	year = 2003,
	month = {jun},
	publisher = {Wiley-Blackwell},
	volume = {14},
	number = {3},
	pages = {311--322},
	author = {J.H.C. Cornelissen and B. Cerabolini and P. Castro-D{\'{\i}}ez and P. Villar-Salvador and G. Montserrat-Mart{\'{\i}} and J.P. Puyravaud and M. Maestro and M.J.A. Werger and R. Aerts},
	title = {Functional traits of woody plants: correspondence of species rankings between field adults and laboratory-grown seedlings?},
	journal = {Journal of Vegetation Science}
}
@article{try_data_21,
    year = 2006,
    author = {Jeannine Cavender-Bares and Adrienne Keen and Brianna Miles},
    journal = {Ecology},
    volume = {87},
    number = {sp7},
    pages = {S109--S122}
}
@article{try_data_22,
	doi = {10.1093/aob/mcl215},
	url = {https://doi.org/10.1093%2Faob%2Fmcl215},
	year = 2007,
	month = {may},
	publisher = {Oxford University Press ({OUP})},
	volume = {99},
	number = {5},
	pages = {967--985},
	author = {E. Garnier and S. Lavorel and P. Ansquer and H. Castro and P. Cruz and J. Dolezal and O. Eriksson and C. Fortunel and H. Freitas and C. Golodets and K. Grigulis and C. Jouany and E. Kazakou and J. Kigel and M. Kleyer and V. Lehsten and J. Leps and T. Meier and R. Pakeman and M. Papadimitriou and V. P. Papanastasis and H. Quested and F. Quetier and M. Robson and C. Roumet and G. Rusch and C. Skarpe and M. Sternberg and J.-P. Theau and A. Thebault and D. Vile and M. P. Zarovali},
	title = {Assessing the Effects of Land-use Change on Plant Traits, Communities and Ecosystem Functioning in Grasslands: A Standardized Methodology and Lessons from an Application to 11 European Sites},
	journal = {Annals of Botany}
}
@article{try_data_23,
	doi = {10.1111/j.1469-8137.2010.03579.x},
	url = {https://doi.org/10.1111%2Fj.1469-8137.2010.03579.x},
	year = 2010,
	month = {dec},
	publisher = {Wiley-Blackwell},
	volume = {190},
	number = {1},
	pages = {169--180},
	author = {I. Colin Prentice and Tingting Meng and Han Wang and Sandy P. Harrison and Jian Ni and Guohong Wang},
	title = {Evidence of a universal scaling relationship for leaf {CO}2 drawdown along an aridity gradient},
	journal = {New Phytologist}
}
@article{try_data_24,
	doi = {10.1371/journal.pone.0160565},
	url = {https://doi.org/10.1371%2Fjournal.pone.0160565},
	year = 2016,
	month = {aug},
	publisher = {Public Library of Science ({PLoS})},
	volume = {11},
	number = {8},
	pages = {e0160565},
	author = {Barbara L. Fredrickson},
	editor = {Neil R. Smalheiser},
	title = {Selective Data Analysis in Brown et al.{\textquotesingle}s Continued Critical Reanalysis},
	journal = {{PLOS} {ONE}}
}
@misc{try_data_25,
    author = {F.H. Schweingruber and W. Landolt},
    title = {The Xylem Database},
    year = 2005,
    howpublished = {Swiss Federal Research Institute}
}
@article{try_data_26,
    crossref = {onoda_2011_global}
}
@article{try_data_27,
	doi = {10.1111/j.1466-8238.2011.00677.x},
	url = {https://doi.org/10.1111%2Fj.1466-8238.2011.00677.x},
	year = 2011,
	month = {may},
	publisher = {Wiley-Blackwell},
	volume = {21},
	number = {3},
	pages = {376--382},
	author = {Wenxuan Han and Yahan Chen and Fang-Jie Zhao and Luying Tang and Rongfeng Jiang and Fusuo Zhang},
	title = {Floral, climatic and soil {pH} controls on leaf ash content in China{\textquotesingle}s terrestrial plants},
	journal = {Global Ecology and Biogeography}
}
@article{try_data_28,
	doi = {10.1111/j.1365-3040.2010.02119.x},
	url = {https://doi.org/10.1111%2Fj.1365-3040.2010.02119.x},
	year = 2010,
	month = {jan},
	publisher = {Wiley-Blackwell},
	volume = {33},
	number = {6},
	pages = {959--980},
	Author = {Tomas Ferreira Domingues and Patrick Meir and Ted R. Feldpausch and Gustavo Saiz and Elmar M. Veenendaal and Franziska Schrodt and Michael Bird and Gloria Djagbletey and Fidele Hien and Halidou Compaore and Adama Diallo and John Grace and Jon Lloyd},
	title = {Co-limitation of photosynthetic capacity by nitrogen and phosphorus in West Africa woodlands},
	journal = {Plant, Cell {\&} Environment}
}
@article{try_data_29,
	doi = {10.1111/j.1469-8137.2005.01530.x},
	url = {https://doi.org/10.1111%2Fj.1469-8137.2005.01530.x},
	year = 2005,
	month = {aug},
	publisher = {Wiley-Blackwell},
	volume = {168},
	number = {2},
	pages = {377--385},
	author = {Wenxuan Han and Jingyun Fang and Dali Guo and Yan Zhang},
	title = {Leaf nitrogen and phosphorus stoichiometry across 753 terrestrial plant species in China},
	journal = {New Phytologist}
}
@article{try_data_30,
    crossref = {messier_how_2010}
}
@article{try_data_31,
	doi = {10.1890/06-1158},
	url = {https://doi.org/10.1890%2F06-1158},
	year = 2007,
	month = {may},
	publisher = {Wiley-Blackwell},
	volume = {88},
	number = {5},
	pages = {1132--1141},
	author = {Charles A. Price and Brian J. Enquist},
	title = {Scaling MASS AND MORPHOLOGY IN LEAVES: AN EXTENSION OF THE {WBE} MODEL},
	journal = {Ecology}
}
@article{try_data_32,
	doi = {10.1126/science.1160662},
	url = {https://doi.org/10.1126%2Fscience.1160662},
	year = 2008,
	month = {oct},
	publisher = {American Association for the Advancement of Science ({AAAS})},
	volume = {322},
	number = {5901},
	pages = {580--582},
	author = {N. J. B. Kraft and R. Valencia and D. D. Ackerly},
	title = {Functional Traits and Niche-Based Tree Community Assembly in an Amazonian Forest},
	journal = {Science}
}
@article{try_data_33,
    crossref = {pierce_allocating_2013}
}
@article{try_data_34,
	doi = {10.1093/aob/mcl066},
	url = {https://doi.org/10.1093%2Faob%2Fmcl066},
	year = 2006,
	month = {apr},
	publisher = {Oxford University Press ({OUP})},
	volume = {99},
	number = {5},
	pages = {1003--1015},
	author = {Ian J. Wright and David D. Ackerly and Frans Bongers and Kyle E. Harms and Guillermo Ibarra-Manriquez and Miguel Martinez-Ramos and Susan J. Mazer and Helene C. Muller-Landau and Horacio Paz and Nigel C. A. Pitman and Lourens Poorter and Miles R. Silman and Corine F. Vriesendorp and Cam O. Webb and Mark Westoby and S. Joseph Wright},
	title = {Relationships Among Ecologically Important Dimensions of Plant Trait Variation in Seven Neotropical Forests},
	journal = {Annals of Botany}
}
@article{try_data_35,
	doi = {10.1111/j.1461-0248.2008.01185.x},
	url = {https://doi.org/10.1111%2Fj.1461-0248.2008.01185.x},
	year = 2008,
	month = {aug},
	publisher = {Wiley-Blackwell},
	volume = {11},
	number = {8},
	pages = {793--801},
	author = {Peter B. Reich and Mark G. Tjoelker and Kurt S. Pregitzer and Ian J. Wright and Jacek Oleksyn and Jose-Luis Machado},
	title = {Scaling of respiration to nitrogen in leaves, stems and roots of higher land plants},
	journal = {Ecology Letters}
}
@article{try_data_36,
	doi = {10.1007/s11258-006-9251-z},
	url = {https://doi.org/10.1007%2Fs11258-006-9251-z},
	year = 2007,
	month = {jan},
	publisher = {Springer Nature},
	volume = {193},
	number = {1},
	pages = {101--112},
	author = {Tomas F. Domingues and Luiz A. Martinelli and James R. Ehleringer},
	title = {Ecophysiological traits of plant functional groups in forest and pasture ecosystems from eastern Amaz{\^{o}}nia, Brazil},
	journal = {Plant Ecology}
}
@article{try_data_37,
	doi = {10.1890/0012-9658(2001)082[0453:gsccol]2.0.co;2},
	url = {https://doi.org/10.1890%2F0012-9658%282001%29082%5B0453%3Agsccol%5D2.0.co%3B2},
	year = 2001,
	month = {feb},
	publisher = {Wiley-Blackwell},
	volume = {82},
	number = {2},
	pages = {453--469},
	author = {Ülo Niinemets},
	title = {GLOBAL-SCALE CLIMATIC CONTROLS OF LEAF DRY MASS PER AREA, DENSITY, AND THICKNESS IN TREES AND SHRUBS},
	journal = {Ecology}
}
@article{try_data_38,
	doi = {10.1111/j.1461-0248.2008.01219.x},
	url = {https://doi.org/10.1111%2Fj.1461-0248.2008.01219.x},
	year = 2008,
	month = {oct},
	publisher = {Wiley-Blackwell},
	volume = {11},
	number = {10},
	pages = {1065--1071},
	author = {William K. Cornwell and Johannes H. C. Cornelissen and Kathryn Amatangelo and Ellen Dorrepaal and Valerie T. Eviner and Oscar Godoy and Sarah E. Hobbie and Bart Hoorens and Hiroko Kurokawa and Natalia P{\'{e}}rez-Harguindeguy and Helen M. Quested and Louis S. Santiago and David A. Wardle and Ian J. Wright and Rien Aerts and Steven D. Allison and Peter van Bodegom and Victor Brovkin and Alex Chatain and Terry V. Callaghan and Sandra D{\'{\i}}az and Eric Garnier and Diego E. Gurvich and Elena Kazakou and Julia A. Klein and Jenny Read and Peter B. Reich and Nadejda A. Soudzilovskaia and M. Victoria Vaieretti and Mark Westoby},
	title = {Plant species traits are the predominant control on litter decomposition rates within biomes worldwide},
	journal = {Ecology Letters}
}
@misc{try_data_39,
    author = {L. Vergutz and S. Manzoni and A. Porporato and R.F. Novais and R.B. Jackson},
    title = {A Global Database of Carbon and Nutrient Concentrations of Green and Senesced Leaves},
    year = 2012,
    howpublished = {Oak Ridge National Laboratory Nistributed Active Archive Center},
    doi = {10.3334/ORNLDAAC/1106}
}
@article{try_data_40,
	doi = {10.1890/es10-00175.1},
	url = {https://doi.org/10.1890%2Fes10-00175.1},
	year = 2011,
	month = {feb},
	publisher = {Wiley-Blackwell},
	volume = {2},
	number = {2},
	pages = {art23},
	author = {B. Sandel and J. D. Corbin and M. Krupa},
	title = {Using plant functional traits to guide restoration: A case study in California coastal grassland},
	journal = {Ecosphere}
}
@article{try_data_41,
    crossref = {poorter_causes_2009}
}
@article{try_data_42,
	doi = {10.1111/j.1365-2699.2012.02773.x},
	url = {https://doi.org/10.1111%2Fj.1365-2699.2012.02773.x},
	year = 2012,
	month = {sep},
	publisher = {Wiley-Blackwell},
	volume = {39},
	number = {10},
	pages = {1757--1771},
	author = {Rachael V. Gallagher and Michelle R. Leishman},
	editor = {Pauline Ladiges},
	title = {A global analysis of trait variation and evolution in climbing plants},
	journal = {Journal of Biogeography}
}
@misc{try_data_43,
    author = {M. Williams and Y.E. Shimabokuro and E.B. Rastetter},
    year = 2012,
    title = {{LBA}-{ECO} {CD}-09 Soil and Vegetation Characteristics, Tapajos National Forest, Brazil},
    howpublished = {Oak Ridge National Laboratory Distributed Active Archive Center},
    doi = {10.3334/ORNLDAAC/1104}
}
@article{try_data_44,
    crossref = {choat_global_2012}
}
@article{try_data_45,
	doi = {10.1046/j.1365-2745.2000.00506.x},
	url = {https://doi.org/10.1046%2Fj.1365-2745.2000.00506.x},
	year = 2000,
	month = {dec},
	publisher = {Wiley-Blackwell},
	volume = {88},
	number = {6},
	pages = {964--977},
	author = {Carlos Roberto Fonseca and Jacob McC. Overton and Bronwyn Collins and Mark Westoby},
	title = {Shifts in trait-combinations along rainfall and phosphorus gradients},
	journal = {Journal of Ecology}
}
@article{try_data_46,
	doi = {10.1556/168.2015.16.2.12},
	url = {https://doi.org/10.1556%2F168.2015.16.2.12},
	year = 2015,
	month = {dec},
	publisher = {Akademiai Kiado Zrt.},
	volume = {16},
	number = {2},
	pages = {244--253},
	author = {S. Burrascano and R. Copiz and E. Del Vico and S. Fagiani and E. Giarrizzo and M. Mei and A. Mortelliti and F. M. Sabatini and C. Blasi},
	title = {Wild boar rooting intensity determines shifts in understorey composition and functional traits},
	journal = {Community Ecology}
}
@article{try_data_47,
	doi = {10.1093/aob/mcq261},
	url = {https://doi.org/10.1093%2Faob%2Fmcq261},
	year = 2011,
	month = {jan},
	publisher = {Oxford University Press ({OUP})},
	volume = {107},
	number = {3},
	pages = {455--465},
	author = {Rub{\'{e}}n Milla and Peter B. Reich},
	title = {Multi-trait interactions, not phylogeny, fine-tune leaf size reduction with increasing altitude},
	journal = {Annals of Botany}
}
@phdthesis{try_data_48,
    author = {S. Adriaenssens},
    year = 2012,
    title = {Dry deposition and canopy exchange for temperate tree species under high nitrogen deposition},
    school = {Ghent University},
    address = {Ghent, Belgium},
    note = {209p.}
}
@article{try_data_49,
	doi = {10.1111/j.1600-0587.2009.05975.x},
	url = {https://doi.org/10.1111%2Fj.1600-0587.2009.05975.x},
	year = 2009,
	month = {dec},
	publisher = {Wiley-Blackwell},
	pages = {no--no},
	author = {Charles G. Willis and Marta Halina and Clarence Lehman and Peter B. Reich and Adrienne Keen and Shawn McCarthy and Jeannine Cavender-Bares},
	title = {Phylogenetic community structure in Minnesota oak savanna is influenced by spatial extent and environmental variation},
	journal = {Ecography}
}
@article{try_data_50,
	doi = {10.1111/j.1558-5646.2012.01663.x},
	url = {https://doi.org/10.1111%2Fj.1558-5646.2012.01663.x},
	year = 2012,
	month = {may},
	publisher = {Wiley-Blackwell},
	volume = {66},
	number = {10},
	pages = {3035--3052},
	author = {Yael Kisel and Alejandra C. Moreno-Letelier and Diego Bogar{\'{\i}}n and Martyn P. Powell and Mark W. Chase and Timothy G. Barraclough},
	title = {TESTING THE LINK BETWEEN POPULATION GENETIC DIFFERENTIATION AND CLADE DIVERSIFICATION IN COSTA RICAN ORCHIDS},
	journal = {Evolution}
}
@article{try_data_51,
	doi = {10.1093/aob/mcs021},
	url = {https://doi.org/10.1093%2Faob%2Fmcs021},
	year = 2012,
	month = {feb},
	publisher = {Oxford University Press ({OUP})},
	volume = {109},
	number = {5},
	pages = {1047--1053},
	author = {Simon Pierce and Guido Brusa and Matteo Sartori and Bruno E. L. Cerabolini},
	title = {Combined use of leaf size and economics traits allows direct comparison of hydrophyte and terrestrial herbaceous adaptive strategies},
	journal = {Annals of Botany}
}
@article{try_data_52,
	doi = {10.2307/2261479},
	url = {https://doi.org/10.2307%2F2261479},
	year = 1996,
	month = {aug},
	publisher = {{JSTOR}},
	volume = {84},
	number = {4},
	pages = {573},
	author = {J. H. C. Cornelissen},
	title = {An Experimental Comparison of Leaf Decomposition Rates in a Wide Range of Temperate Plant Species and Types},
	journal = {The Journal of Ecology}
}
@article{try_data_53,
	doi = {10.1111/j.1461-0248.2011.01680.x},
	url = {https://doi.org/10.1111%2Fj.1461-0248.2011.01680.x},
	year = 2011,
	month = {sep},
	publisher = {Wiley-Blackwell},
	volume = {14},
	number = {11},
	pages = {1117--1124},
	author = {Benjamin Yguel and Richard Bailey and N. Denise Tosh and Aude Vialatte and Chlo{\'{e}} Vasseur and Xavier Vitrac and Frederic Jean and Andreas Prinzing},
	title = {Phytophagy on phylogenetically isolated trees: why hosts should escape their relatives},
	journal = {Ecology Letters}
}
@article{try_data_54,
	doi = {10.1093/treephys/23.13.865},
	url = {https://doi.org/10.1093%2Ftreephys%2F23.13.865},
	year = 2003,
	month = {sep},
	publisher = {Oxford University Press ({OUP})},
	volume = {23},
	number = {13},
	pages = {865--877},
	author = {L. Xu and D. D. Baldocchi},
	title = {Seasonal trends in photosynthetic parameters and stomatal conductance of blue oak (Quercus douglasii) under prolonged summer drought and high temperature},
	journal = {Tree Physiology}
}
@article{try_data_55,
	doi = {10.1111/j.1529-8817.2003.0742.x},
	url = {https://doi.org/10.1111%2Fj.1529-8817.2003.0742.x},
	year = 2004,
	month = {apr},
	publisher = {Wiley-Blackwell},
	volume = {10},
	number = {4},
	pages = {473--487},
	author = {Ben Bond-Lamberty and Chuankuan Wang and Stith T. Gower},
	title = {Net primary production and net ecosystem production of a boreal black spruce wildfire chronosequence},
	journal = {Global Change Biology}
}
@article{try_data_56,
	doi = {10.1111/j.0030-1299.2004.12597.x},
	url = {https://doi.org/10.1111%2Fj.0030-1299.2004.12597.x},
	year = 2004,
	month = {jun},
	publisher = {Wiley-Blackwell},
	volume = {105},
	number = {3},
	pages = {551--563},
	author = {Betsy Von Holle and Daniel Simberloff},
	title = {Testing Fox{\textquotesingle}s assembly rule: does plant invasion depend on recipient community structure?},
	journal = {Oikos}
}
@article{try_data_57,
	doi = {10.1111/j.1600-0587.2011.06833.x},
	url = {https://doi.org/10.1111%2Fj.1600-0587.2011.06833.x},
	year = 2011,
	month = {jun},
	publisher = {Wiley-Blackwell},
	volume = {36},
	number = {2},
	pages = {178--184},
	author = {Yahan Chen and Wenxuan Han and Luying Tang and Zhiyao Tang and Jingyun Fang},
	title = {Leaf nitrogen and phosphorus concentrations of woody plants differ in responses to climate, soil and plant growth form},
	journal = {Ecography}
}
@article{try_data_58,
	doi = {10.1111/1365-2745.12016},
	url = {https://doi.org/10.1111%2F1365-2745.12016},
	year = 2012,
	month = {nov},
	publisher = {Wiley-Blackwell},
	volume = {101},
	number = {1},
	pages = {128--139},
	author = {Chaeho Byun and Sylvie de Blois and Jacques Brisson},
	editor = {Will Cornwell},
	title = {Plant functional group identity and diversity determine biotic resistance to invasion by an exotic grass},
	journal = {Journal of Ecology}
}
@article{try_data_59,
    crossref = {laughlin_climatic_2011}
}
@article{try_data_60,
	doi = {10.1086/649582},
	url = {https://doi.org/10.1086%2F649582},
	year = 2010,
	month = {feb},
	publisher = {University of Chicago Press},
	volume = {175},
	number = {2},
	pages = {225--239},
	author = {Jenny~C. Ordo{\~{n}}ez and Peter~M. van Bodegom and Jan-Philip~M. Witte and Ruud~P. Bartholomeus and Jurgen~R. van Hal and Rien Aerts},
	title = {Plant Strategies in Relation to Resource Supply in Mesic to Wet Environments: Does Theory Mirror Nature?},
	journal = {The American Naturalist}
}
@article{try_data_61,
	doi = {10.1086/507879},
	url = {https://doi.org/10.1086%2F507879},
	year = 2006,
	month = {oct},
	publisher = {University of Chicago Press},
	volume = {168},
	number = {4},
	pages = {E103--E122},
	author = {Andrew~J. Kerkhoff and William~F. Fagan and James~J. Elser and Brian~J. Enquist},
	title = {Phylogenetic and Growth Form Variation in the Scaling of Nitrogen and Phosphorus in the Seed Plants},
	journal = {The American Naturalist}
}
@article{try_data_62,
	doi = {10.1007/s00442-010-1741-y},
	url = {https://doi.org/10.1007%2Fs00442-010-1741-y},
	year = 2010,
	month = {aug},
	publisher = {Springer Nature},
	volume = {165},
	number = {2},
	pages = {477--487},
	author = {Bradley J. Butterfield and John M. Briggs},
	title = {Regeneration niche differentiates functional strategies of desert woody plant species},
	journal = {Oecologia}
}
@article{try_data_63,
	doi = {10.1139/x02-063},
	url = {https://doi.org/10.1139%2Fx02-063},
	year = 2002,
	month = {aug},
	publisher = {Canadian Science Publishing},
	volume = {32},
	number = {8},
	pages = {1441--1450},
	author = {B Bond-Lamberty and C Wang and S T Gower},
	title = {Aboveground and belowground biomass and sapwood area allometric equations for six boreal tree species of northern Manitoba},
	journal = {Canadian Journal of Forest Research}
}
@article{try_data_64,
	doi = {10.1111/j.1365-2745.2007.01242.x},
	url = {https://doi.org/10.1111%2Fj.1365-2745.2007.01242.x},
	year = 2007,
	month = {jul},
	publisher = {Wiley-Blackwell},
	volume = {95},
	number = {4},
	pages = {698--706},
	author = {Simon Pierce and Alessandra Luzzaro and Marco Caccianiga and Roberta M. Ceriani and Bruno Cerabolini},
	title = {Disturbance is the principal alpha-scale filter determining niche differentiation, coexistence and biodiversity in an alpine community},
	journal = {Journal of Ecology}
}
@article{try_data_65,
	doi = {10.1016/j.ppees.2012.01.004},
	url = {https://doi.org/10.1016%2Fj.ppees.2012.01.004},
	year = 2012,
	month = {aug},
	publisher = {Elsevier {BV}},
	volume = {14},
	number = {4},
	pages = {243--256},
	author = {Alvaro G. Guti{\'{e}}rrez and Andreas Huth},
	title = {Successional stages of primary temperate rainforests of Chilo{\'{e}} Island, Chile},
	journal = {Perspectives in Plant Ecology, Evolution and Systematics}
}
@article{try_data_66,
	doi = {10.1016/j.advwatres.2013.09.020},
	url = {https://doi.org/10.1016%2Fj.advwatres.2013.09.020},
	year = 2013,
	month = {dec},
	publisher = {Elsevier {BV}},
	volume = {62},
	pages = {90--105},
	author = {Stefano Manzoni and Giulia Vico and Sari Palmroth and Amilcare Porporato and Gabriel Katul},
	title = {Optimization of stomatal conductance for maximum carbon gain under dynamic soil moisture},
	journal = {Advances in Water Resources}
}
@article{try_data_67,
    crossref = {wright_does_2012}
}
@article{try_data_68,
	doi = {10.1890/01-6012},
	url = {https://doi.org/10.1890%2F01-6012},
	year = 2004,
	month = {aug},
	publisher = {Wiley-Blackwell},
	volume = {14},
	number = {sp4},
	pages = {72--88},
	author = {Jeffrey Q. Chambers and Edgard S. Tribuzy and Ligia C. Toledo and Bianca F. Crispim and Niro Higuchi and Joaquim dos Santos and Alessandro C. Ara{\'{u}}jo and Bart Kruijt and Antonio D. Nobre and Susan E. Trumbore},
	title = {RESPIRATION FROM A TROPICAL FOREST ECOSYSTEM: PARTITIONING OF SOURCES AND LOW CARBON USE EFFICIENCY},
	journal = {Ecological Applications}
}
@article{try_data_69,
	doi = {10.1098/rsbl.2012.0458},
	url = {https://doi.org/10.1098%2Frsbl.2012.0458},
	year = 2012,
	month = {jul},
	publisher = {The Royal Society},
	volume = {8},
	number = {5},
	pages = {882--886},
	author = {G. R. Guerin and H. Wen and A. J. Lowe},
	title = {Leaf morphology shift linked to climate change},
	journal = {Biology Letters}
}
@article{try_data_70,
	doi = {10.1093/treephys/22.14.993},
	url = {https://doi.org/10.1093%2Ftreephys%2F22.14.993},
	year = 2002,
	month = {oct},
	publisher = {Oxford University Press ({OUP})},
	volume = {22},
	number = {14},
	pages = {993--1001},
	author = {B. Bond-Lamberty and C. Wang and S. T. Gower and J. Norman},
	title = {Leaf area dynamics of a boreal black spruce fire chronosequence},
	journal = {Tree Physiology}
}
@article{try_data_71,
	doi = {10.1007/s11258-006-9162-z},
	url = {https://doi.org/10.1007%2Fs11258-006-9162-z},
	year = 2006,
	month = {jun},
	publisher = {Springer Nature},
	volume = {189},
	number = {1},
	pages = {1--14},
	author = {Sandra C. Müller and Gerhard E. Overbeck and Jörg Pfadenhauer and Val{\'{e}}rio D. Pillar},
	title = {Plant Functional Types of Woody Species Related to Fire Disturbance in Forest{\textendash}Grassland Ecotones},
	journal = {Plant Ecology}
}
@article{try_data_72,
	doi = {10.1080/11263500701627695},
	url = {https://doi.org/10.1080%2F11263500701627695},
	year = 2007,
	month = {nov},
	publisher = {Informa {UK} Limited},
	volume = {141},
	number = {3},
	pages = {337--343},
	author = {S. Pierce and R. M. Ceriani and R. DE Andreis and A. Luzzaro and B. Cerabolini},
	title = {The leaf economics spectrum of Poaceae reflects variation in survival strategies},
	journal = {Plant Biosystems - An International Journal Dealing with all Aspects of Plant Biology}
}
@article{try_data_73,
	doi = {10.1007/s00442-011-1938-8},
	url = {https://doi.org/10.1007%2Fs00442-011-1938-8},
	year = 2011,
	month = {feb},
	publisher = {Springer Nature},
	volume = {165},
	number = {4},
	pages = {1109--1117},
	author = {Joseph M. Craine and Jesse B. Nippert and E. Gene Towne and Sally Tucker and Steven W. Kembel and Adam Skibbe and Kendra K. McLauchlan},
	title = {Functional consequences of climate change-induced plant species loss in a tallgrass prairie},
	journal = {Oecologia}
}
@article{try_data_74,
	doi = {10.1007/s11104-012-1141-7},
	url = {https://doi.org/10.1007%2Fs11104-012-1141-7},
	year = 2012,
	month = {feb},
	publisher = {Springer Nature},
	volume = {356},
	number = {1-2},
	pages = {395--403},
	author = {Joseph M. Craine and E. Gene Towne and Troy W. Ocheltree and Jesse B. Nippert},
	title = {Community traitscape of foliar nitrogen isotopes reveals N availability patterns in a tallgrass prairie},
	journal = {Plant and Soil}
}
@article{try_data_75,
	doi = {10.1046/j.1365-2435.2002.00672.x},
	url = {https://doi.org/10.1046%2Fj.1365-2435.2002.00672.x},
	year = 2002,
	month = {oct},
	publisher = {Wiley-Blackwell},
	volume = {16},
	number = {5},
	pages = {682--689},
	author = {B. Shipley},
	title = {Trade-offs between net assimilation rate and specific leaf area in determining relative growth rate: relationship with daily irradiance},
	journal = {Functional Ecology}
}
@article{try_data_76,
	doi = {10.1046/j.1365-3040.1999.00479.x},
	url = {https://doi.org/10.1046%2Fj.1365-3040.1999.00479.x},
	year = 1999,
	month = {oct},
	publisher = {Wiley-Blackwell},
	volume = {22},
	number = {10},
	pages = {1281--1296},
	author = {G. Wohlfahrt and M. Bahn and E. Haubner and I. Horak and W. Michaeler and K. Rottmar and U. Tappeiner and A. Cernusca},
	title = {Inter-specific variation of the biochemical limitation to photosynthesis and related leaf traits of 30 species from mountain grassland ecosystems under different land use},
	journal = {Plant, Cell and Environment}
}
@article{try_data_77,
	doi = {10.1371/journal.pone.0025330},
	url = {https://doi.org/10.1371%2Fjournal.pone.0025330},
	year = 2011,
	month = {sep},
	publisher = {Public Library of Science ({PLoS})},
	volume = {6},
	number = {9},
	pages = {e25330},
	author = {Nadja Rüger and Uta Berger and Stephen P. Hubbell and Ghislain Vieilledent and Richard Condit},
	editor = {Enrico Scalas},
	title = {Growth Strategies of Tropical Tree Species: Disentangling Light and Size Effects},
	journal = {{PLoS} {ONE}}
}
@article{try_data_78,
	doi = {10.1111/j.1365-2745.2009.01552.x},
	url = {https://doi.org/10.1111%2Fj.1365-2745.2009.01552.x},
	year = 2009,
	month = {nov},
	publisher = {Wiley-Blackwell},
	volume = {97},
	number = {6},
	pages = {1360--1368},
	author = {Nadja Rüger and Andreas Huth and Stephen P. Hubbell and Richard Condit},
	title = {Response of recruitment to light availability across a tropical lowland rain forest community},
	journal = {Journal of Ecology}
}
@article{try_data_79,
	doi = {10.1890/02-0426},
	url = {https://doi.org/10.1890%2F02-0426},
	year = 2003,
	month = {dec},
	publisher = {Wiley-Blackwell},
	volume = {84},
	number = {12},
	pages = {3209--3221},
	author = {Helen M. Quested and J. Hans C. Cornelissen and Malcolm C. Press and Terry V. Callaghan and Rien Aerts and Frank Trosien and Petra Riemann and Dylan Gwynn-Jones and Alexandra Kondratchuk and Sven E. Jonasson},
	title = {DECOMPOSITION OF SUB-ARCTIC PLANTS WITH DIFFERING NITROGEN ECONOMIES: A FUNCTIONAL ROLE FOR HEMIPARASITES},
	journal = {Ecology}
}
@article{try_data_80,
    crossref = {choat_global_2012}
}
@article{try_data_81,
	doi = {10.1093/aob/mct246},
	url = {https://doi.org/10.1093%2Faob%2Fmct246},
	year = 2013,
	month = {nov},
	publisher = {Oxford University Press ({OUP})},
	volume = {112},
	number = {9},
	pages = {1921--1930},
	author = {Anna T. Pahl and Johannes Kollmann and Andreas Mayer and Sylvia Haider},
	title = {No evidence for local adaptation in an invasive alien plant: field and greenhouse experiments tracing a colonization sequence},
	journal = {Annals of Botany}
}
@article{try_data_82,
	doi = {10.1046/j.0028-646x.2001.00320.x},
	url = {https://doi.org/10.1046%2Fj.0028-646x.2001.00320.x},
	year = 2002,
	month = {feb},
	publisher = {Wiley-Blackwell},
	volume = {153},
	number = {2},
	pages = {359--364},
	author = {Bill Shipley and Thi-Tam Vu},
	title = {Dry matter content as a measure of dry matter concentration in plants and their parts},
	journal = {New Phytologist}
}
@article{try_data_83,
	doi = {10.1111/j.1654-1103.2011.01272.x},
	url = {https://doi.org/10.1111%2Fj.1654-1103.2011.01272.x},
	year = 2011,
	month = {mar},
	publisher = {Wiley-Blackwell},
	volume = {22},
	number = {3},
	pages = {387--401},
	author = {Vanessa Minden and Michael Kleyer},
	title = {Testing the effect-response framework: key response and effect traits determining above-ground biomass of salt marshes},
	journal = {Journal of Vegetation Science}
}
@article{try_data_84,
	doi = {10.1046/j.0016-8025.2001.00811.x},
	url = {https://doi.org/10.1046%2Fj.0016-8025.2001.00811.x},
	year = 2002,
	month = {mar},
	publisher = {Wiley-Blackwell},
	volume = {25},
	number = {3},
	pages = {343--357},
	author = {P. Meir and B. Kruijt and M. Broadmeadow and E. Barbosa and O. Kull and F. Carswell and A. Nobre and P. G. Jarvis},
	title = {Acclimation of photosynthetic capacity to irradiance in tree canopies in relation to leaf nitrogen concentration and leaf mass per unit area},
	journal = {Plant, Cell and Environment}
}
@article{try_data_85,
	doi = {10.1016/j.ppees.2007.08.002},
	url = {https://doi.org/10.1016%2Fj.ppees.2007.08.002},
	year = 2007,
	month = {dec},
	publisher = {Elsevier {BV}},
	volume = {9},
	number = {2},
	pages = {53--70},
	author = {M Schererlorenzen and E Schulze and A Don and J Schumacher and E Weller},
	title = {Exploring the functional significance of forest diversity: A new long-term experiment with temperate tree species ({BIOTREE})},
	journal = {Perspectives in Plant Ecology, Evolution and Systematics}
}
@article{try_data_86,
	doi = {10.1007/s11258-005-9080-5},
	url = {https://doi.org/10.1007%2Fs11258-005-9080-5},
	year = 2006,
	month = {mar},
	publisher = {Springer Nature},
	volume = {185},
	number = {1},
	pages = {19--28},
	author = {C. Bakker and P. M. Van Bodegom and H. J. M. Nelissen and W. H. O. Ernst and R. Aerts},
	title = {Plant responses to rising water tables and nutrient management in calcareous dune slacks},
	journal = {Plant Ecology}
}
@article{try_data_87,
	doi = {10.1111/j.1365-2486.2009.02054.x},
	url = {https://doi.org/10.1111%2Fj.1365-2486.2009.02054.x},
	year = 2009,
	month = {aug},
	publisher = {Wiley-Blackwell},
	volume = {16},
	number = {8},
	pages = {2171--2185},
	author = {Josep Penuelas and Jordi Sardans and Joan Llusi{\`{a}} and Susan M. Owen and Jofre Carnicer and Thomas W. Giambelluca and Enrico L. Rezende and Mashuri Waite and Ülo Niinemets},
	title = {Faster returns on `leaf economics' and different biogeochemical niche in invasive compared with native plant species},
	journal = {Global Change Biology}
}
@article{try_data_88,
	doi = {10.1111/j.1365-2435.2010.01701.x},
	url = {https://doi.org/10.1111%2Fj.1365-2435.2010.01701.x},
	year = 2010,
	month = {mar},
	publisher = {Wiley-Blackwell},
	volume = {24},
	number = {4},
	pages = {927--936},
	author = {Jennifer S. Powers and Peter Tiffin},
	title = {Plant functional type classifications in tropical dry forests in Costa Rica: leaf habit versus taxonomic approaches},
	journal = {Functional Ecology}
}
@article{try_data_89,
	doi = {10.1017/s0266467407004725},
	url = {https://doi.org/10.1017%2Fs0266467407004725},
	year = 2008,
	month = {mar},
	publisher = {Cambridge University Press ({CUP})},
	volume = {24},
	number = {02},
	pages = {121--133},
	author = {Satomi Shiodera and Joeni S. Rahajoe and Takashi Kohyama},
	title = {Variation in longevity and traits of leaves among co-occurring understorey plants in a tropical montane forest},
	journal = {Journal of Tropical Ecology}
}
@article{try_data_90,
	doi = {10.2307/2261309},
	url = {https://doi.org/10.2307%2F2261309},
	year = 1994,
	month = {jun},
	publisher = {{JSTOR}},
	volume = {82},
	number = {2},
	pages = {415},
	author = {A. H. Fitter and H. J. Peat},
	title = {The Ecological Flora Database},
	journal = {The Journal of Ecology}
}
@article{try_data_91,
	doi = {10.1016/j.ppees.2012.01.002},
	url = {https://doi.org/10.1016%2Fj.ppees.2012.01.002},
	year = 2012,
	month = {jun},
	publisher = {Elsevier {BV}},
	volume = {14},
	number = {3},
	pages = {183--192},
	author = {Vanessa Minden and Sandra Andratschke and Janina Spalke and Hanna Timmermann and Michael Kleyer},
	title = {Plant trait{\textendash}environment relationships in salt marshes: Deviations from predictions by ecological concepts},
	journal = {Perspectives in Plant Ecology, Evolution and Systematics}
}
@article{try_data_92,
	doi = {10.1007/s10533-006-9025-7},
	url = {https://doi.org/10.1007%2Fs10533-006-9025-7},
	year = 2006,
	month = {jun},
	publisher = {Springer Nature},
	volume = {81},
	number = {1},
	pages = {1--16},
	author = {Ben Bond-Lamberty and Stith T. Gower and Chuankuan Wang and Pascal Cyr and Hugo Veldhuis},
	title = {Nitrogen dynamics of a boreal black spruce wildfire chronosequence},
	journal = {Biogeochemistry}
}
@article{try_data_93,
	doi = {10.1111/j.1600-0706.2010.19021.x},
	url = {https://doi.org/10.1111%2Fj.1600-0706.2010.19021.x},
	year = 2011,
	month = {mar},
	publisher = {Wiley-Blackwell},
	volume = {120},
	number = {7},
	pages = {1047--1056},
	author = {Nadja Rüger and Andreas Huth and Stephen P. Hubbell and Richard Condit},
	title = {Determinants of mortality across a tropical lowland rainforest community},
	journal = {Oikos}
}
@article{try_data_94,
	doi = {10.1016/j.baae.2005.01.002},
	url = {https://doi.org/10.1016%2Fj.baae.2005.01.002},
	year = 2005,
	month = {apr},
	publisher = {Elsevier {BV}},
	volume = {6},
	number = {2},
	pages = {175--183},
	author = {Bego{\~{n}}a Peco and Isabel de Pablos and Juan Traba and Catherine Levassor},
	title = {The effect of grazing abandonment on species composition and functional traits: the case of dehesa grasslands},
	journal = {Basic and Applied Ecology}
}
@article{try_data_95,
	doi = {10.1890/es11-00023.1},
	url = {https://doi.org/10.1890%2Fes11-00023.1},
	year = 2011,
	month = {apr},
	publisher = {Wiley-Blackwell},
	volume = {2},
	number = {4},
	pages = {art48},
	author = {Sally S. Tucker and Joseph M. Craine and Jesse B. Nippert},
	title = {Physiological drought tolerance and the structuring of tallgrass prairie assemblages},
	journal = {Ecosphere}
}
@article{try_data_96,
	doi = {10.1111/j.1461-0248.2008.01259.x},
	url = {https://doi.org/10.1111%2Fj.1461-0248.2008.01259.x},
	year = 2009,
	month = {jan},
	publisher = {Wiley-Blackwell},
	volume = {12},
	number = {1},
	pages = {45--56},
	author = {James T. Weedon and William K. Cornwell and Johannes H.C. Cornelissen and Amy E. Zanne and Christian Wirth and David A. Coomes},
	title = {Global meta-analysis of wood decomposition rates: a role for trait variation among tree species?},
	journal = {Ecology Letters}
}
@article{try_data_97,
	doi = {10.1111/j.1461-0248.2010.01554.x},
	url = {https://doi.org/10.1111%2Fj.1461-0248.2010.01554.x},
	year = 2010,
	month = {nov},
	publisher = {Wiley-Blackwell},
	volume = {14},
	number = {2},
	pages = {91--100},
	author = {Benjamin Blonder and Cyrille Violle and Lisa Patrick Bentley and Brian J. Enquist},
	title = {Venation networks and the origin of the leaf economics spectrum},
	journal = {Ecology Letters}
}
@article{try_data_98,
	doi = {10.1111/j.1365-2745.2011.01945.x},
	url = {https://doi.org/10.1111%2Fj.1365-2745.2011.01945.x},
	year = 2012,
	month = {jan},
	publisher = {Wiley-Blackwell},
	volume = {100},
	number = {3},
	pages = {652--661},
	author = {Marko J. Spasojevic and Katharine N. Suding},
	title = {Inferring community assembly mechanisms from functional diversity patterns: the importance of multiple assembly processes},
	journal = {Journal of Ecology}
}
@article{try_data_99,
	doi = {10.1111/j.1469-8137.2007.02183.x},
	url = {https://doi.org/10.1111%2Fj.1469-8137.2007.02183.x},
	year = 2007,
	month = {oct},
	publisher = {Wiley-Blackwell},
	volume = {176},
	number = {2},
	pages = {375--389},
	author = {Catherine Campbell and Lindsey Atkinson and Joana Zaragoza-Castells and Maria Lundmark and Owen Atkin and Vaughan Hurry},
	title = {Acclimation of photosynthesis and respiration is asynchronous in response to changes in temperature regardless of plant functional group},
	journal = {New Phytologist}
}
@article{try_data_100,
	doi = {10.1016/j.foreco.2006.10.030},
	url = {https://doi.org/10.1016%2Fj.foreco.2006.10.030},
	year = 2007,
	month = {jan},
	publisher = {Elsevier {BV}},
	volume = {238},
	number = {1-3},
	pages = {335--346},
	author = {D. Craven and D. Braden and M.S. Ashton and G.P. Berlyn and M. Wishnie and D. Dent},
	title = {Between and within-site comparisons of structural and physiological characteristics and foliar nutrient content of 14 tree species at a wet, fertile site and a dry, infertile site in Panama},
	journal = {Forest Ecology and Management}
}
@article{try_data_101,
	doi = {10.1111/j.0269-8463.2004.00900.x},
	url = {https://doi.org/10.1111%2Fj.0269-8463.2004.00900.x},
	year = 2004,
	month = {dec},
	publisher = {Wiley-Blackwell},
	volume = {18},
	number = {6},
	pages = {779--786},
	author = {J. H. C. Cornelissen and H. M. Quested and D. Gwynn-Jones and R. S. P. Van Logtestijn and M. A. H. De Beus and A. Kondratchuk and T. V. Callaghan and R. Aerts},
	title = {Leaf digestibility and litter decomposability are related in a wide range of subarctic plant species and types},
	journal = {Functional Ecology}
}
@article{try_data_102,
	doi = {10.1111/j.1654-1103.2003.tb02158.x},
	url = {https://doi.org/10.1111%2Fj.1654-1103.2003.tb02158.x},
	year = 2003,
	month = {jun},
	publisher = {Wiley-Blackwell},
	volume = {14},
	number = {3},
	pages = {323--332},
	author = {Val{\'{e}}rio DePatta Pillar and Enio E. Sosinski},
	title = {An improved method for searching plant functional types by numerical analysis},
	journal = {Journal of Vegetation Science}
}
@mastersthesis{try_data_103,
    author = {T. Hickler},
    year = 1999,
    title = {Plant functional types and community characteristics along environmental gradients on Oland's Great Alvar (Sweden)},
    school = {University of Lund, Sweden}
}
@article{try_data_104,
	doi = {10.1007/s11104-005-0438-1},
	url = {https://doi.org/10.1007%2Fs11104-005-0438-1},
	year = 2005,
	month = {aug},
	publisher = {Springer Nature},
	volume = {275},
	number = {1-2},
	pages = {111--122},
	author = {C. Bakker and J. Rodenburg and P. M. van Bodegom},
	title = {Effects of Ca- and Fe-rich Seepage on P Availability and Plant Performance in Calcareous Dune Soils},
	journal = {Plant and Soil}
}
@phdthesis{try_data_105,
    author = {D. Vile},
    year = 2005,
    title = {Significations fonctionnelle et ecologique des traits de s especes vegetales: exemple dans une succession post-cultural mediterraneenne et generalisations}
}
@article{try_data_106,
	doi = {10.1890/04-1075},
	url = {https://doi.org/10.1890%2F04-1075},
	year = 2005,
	month = {jan},
	publisher = {Wiley-Blackwell},
	volume = {86},
	number = {1},
	pages = {12--19},
	author = {Joseph M. Craine and William G. Lee and William J. Bond and Richard J. Williams and Loretta C. Johnson},
	title = {ENVIRONMENTAL CONSTRAINTS ON A GLOBAL RELATIONSHIP AMONG LEAF AND ROOT TRAITS OF GRASSES},
	journal = {Ecology}
}
@article{try_data_107,
	doi = {10.1371/journal.pone.0165848},
	url = {https://doi.org/10.1371%2Fjournal.pone.0165848},
	year = 2016,
	month = {oct},
	publisher = {Public Library of Science ({PLoS})},
	volume = {11},
	number = {10},
	pages = {e0165848},
	author = {Andrea Christopher and Heike Hameister and Holly Corrigall and Oliver Ebenhöh and Berndt Müller and Ekkehard Ullner},
	editor = {Robertus A M de Bruin},
	title = {Modelling Robust Feedback Control Mechanisms That Ensure Reliable Coordination of Histone Gene Expression with {DNA} Replication},
	journal = {{PLOS} {ONE}}
}
@article{try_data_108,
	doi = {10.1093/treephys/20.9.565},
	url = {https://doi.org/10.1093%2Ftreephys%2F20.9.565},
	year = 2000,
	month = {may},
	publisher = {Oxford University Press ({OUP})},
	volume = {20},
	number = {9},
	pages = {565--578},
	author = {K. B. Wilson and D. D. Baldocchi and P. J. Hanson},
	title = {Spatial and seasonal variability of photosynthetic parameters and their relationship to leaf nitrogen in a deciduous forest},
	journal = {Tree Physiology}
}
@article{try_data_109,
	doi = {10.1111/j.1469-8137.2006.01712.x},
	url = {https://doi.org/10.1111%2Fj.1469-8137.2006.01712.x},
	year = 2006,
	month = {jun},
	publisher = {Wiley-Blackwell},
	volume = {170},
	number = {4},
	pages = {807--818},
	author = {Katherine A. Preston and William K. Cornwell and Jeanne L. DeNoyer},
	title = {Wood density and vessel traits as distinct correlates of ecological strategy in 51 California coast range angiosperms},
	journal = {New Phytologist}
}
@article{try_data_110,
	doi = {10.1016/j.foreco.2012.04.030},
	url = {https://doi.org/10.1016%2Fj.foreco.2012.04.030},
	year = 2012,
	month = {aug},
	publisher = {Elsevier {BV}},
	volume = {277},
	pages = {173--179},
	author = {Mauricio Zapata-Cuartas and Carlos A. Sierra and Lauren Alleman},
	title = {Probability distribution of allometric coefficients and Bayesian estimation of aboveground tree biomass},
	journal = {Forest Ecology and Management}
}
@article{try_data_111,
	doi = {10.1111/1365-2745.12102},
	url = {https://doi.org/10.1111%2F1365-2745.12102},
	year = 2013,
	month = {jun},
	publisher = {Wiley-Blackwell},
	volume = {101},
	number = {4},
	pages = {981--989},
	author = {Benjamin Blonder and Cyrille Violle and Brian J. Enquist},
	editor = {Hans Cornelissen},
	title = {Assessing the causes and scales of the leaf economics spectrum using venation networks {inPopulus} tremuloides},
	journal = {Journal of Ecology}
}
@article{try_data_112,
	doi = {10.1111/j.1461-0248.2010.01554.x},
	url = {https://doi.org/10.1111%2Fj.1461-0248.2010.01554.x},
	year = 2010,
	month = {nov},
	publisher = {Wiley-Blackwell},
	volume = {14},
	number = {2},
	pages = {91--100},
	author = {Benjamin Blonder and Cyrille Violle and Lisa Patrick Bentley and Brian J. Enquist},
	title = {Venation networks and the origin of the leaf economics spectrum},
	journal = {Ecology Letters}
}
@article{try_data_113,
	doi = {10.1139/cjb-2012-0162},
	url = {https://doi.org/10.1139%2Fcjb-2012-0162},
	year = 2013,
	month = {mar},
	publisher = {Canadian Science Publishing},
	volume = {91},
	number = {3},
	pages = {176--181},
	author = {Amanda L. Guy and Jenalee M. Mischkolz and Eric G. Lamb},
	title = {Limited effects of simulated acidic deposition on seedling survivorship and root morphology of endemic plant taxa of the Athabasca Sand Dunes in well-watered greenhouse trials},
	journal = {Botany}
}
@article{try_data_114,
    crossref = {kichenin_2013_contrasting}
}
@article{try_data_115,
	doi = {10.1111/j.1654-1103.2005.tb02350.x},
	url = {https://doi.org/10.1111%2Fj.1654-1103.2005.tb02350.x},
	year = 2005,
	month = {apr},
	publisher = {Wiley-Blackwell},
	volume = {16},
	number = {2},
	pages = {151--160},
	author = {F. Louault and V.D. Pillar and J. Aufr{\`{e}}re and E. Garnier and J.-F. Soussana},
	title = {Plant traits and functional types in response to reduced disturbance in a semi-natural grassland},
	journal = {Journal of Vegetation Science}
}
@misc{try_data_116,
    doi = {10.3334/ORNLDAAC/1097},
    author = {A.C. de Araujo and J. P. H. B. Ometto and A. J. Dolman and B. Kruijt and M. J. Waterloo and J. R. Ehleringer},
    year = 2011,
    title = {LBA-ECO CD-02 C and N Isotopes in Leaves and Atmospheric CO2, Amazonas, Brazil},
    howpublished = {Dataset, Oak Ridge National Laboratory Distributed Active Archive Center, Oak Ridge, Tennessee, U.S.A.}
}
@article{try_data_117,
	doi = {10.17151/bccm.2015.19.1.2},
	url = {https://doi.org/10.17151%2Fbccm.2015.19.1.2},
	year = 2015,
	month = {jun},
	publisher = {Universidad de Caldas},
	volume = {19},
	number = {1},
	pages = {17--40},
	author = {Kelly Bocanegra and Fernando Fern{\'{a}}ndez and Jeferson Galvis},
	title = {GRUPOS FUNCIONALES DE {\'{A}}RBOLES EN BOSQUES SECUNDARIOS DE LA REGI{\'{o}}N BAJO CALIMA (BUENAVENTURA, COLOMBIA)},
	journal = {Bolet{\'{\i}}n Cient{\'{\i}}fico. Centro de Museos. Museo de Historia Natural}
}
@article{try_data_118,
	doi = {10.1016/j.envexpbot.2011.09.010},
	url = {https://doi.org/10.1016%2Fj.envexpbot.2011.09.010},
	year = 2012,
	month = {jan},
	publisher = {Elsevier {BV}},
	volume = {75},
	pages = {173--180},
	author = {Michael Beckmann and Maria Hock and Helge Bruelheide and Alexandra Erfmeier},
	title = {The role of {UV}-B radiation in the invasion of Hieracium pilosella{\textemdash}A comparison of German and New Zealand plants},
	journal = {Environmental and Experimental Botany}
}
@article{try_data_119,
	doi = {10.1111/j.0021-8901.2004.00934.x},
	url = {https://doi.org/10.1111%2Fj.0021-8901.2004.00934.x},
	year = 2004,
	month = {jul},
	publisher = {Wiley-Blackwell},
	volume = {41},
	number = {4},
	pages = {653--663},
	Author = {Peter B. Adler and Daniel G. Milchunas and William K. Lauenroth and Osvaldo E. Sala and Ingrid C. Burke},
	title = {Functional traits of graminoids in semi-arid steppes: a test of grazing histories},
	journal = {Journal of Applied Ecology}
}
@article{try_data_120,
	doi = {10.1046/j.1365-2486.2003.00611.x},
	url = {https://doi.org/10.1046%2Fj.1365-2486.2003.00611.x},
	year = 2003,
	month = {jun},
	publisher = {Wiley-Blackwell},
	volume = {9},
	number = {6},
	pages = {895--910},
	author = {B. R. Loveys and L. J. Atkinson and D. J. Sherlock and R. L. Roberts and A. H. Fitter and O. K. Atkin},
	title = {Thermal acclimation of leaf and root respiration: an investigation comparing inherently fast- and slow-growing plant species},
	journal = {Global Change Biology}
}
@article{try_data_121,
	doi = {10.1890/07-0390.1},
	url = {https://doi.org/10.1890%2F07-0390.1},
	year = 2008,
	month = {jan},
	publisher = {Wiley-Blackwell},
	volume = {89},
	number = {1},
	pages = {193--204},
	author = {Peter M. van Bodegom and Brian K. Sorrell and Annelies Oosthoek and Chris Bakker and Rien Aerts},
	title = {SEPARATING THE EFFECTS OF PARTIAL SUBMERGENCE AND SOIL OXYGEN DEMAND ON PLANT PHYSIOLOGY},
	journal = {Ecology}
}
@article{try_data_122,
	doi = {10.1080/17550874.2012.748849},
	url = {https://doi.org/10.1080%2F17550874.2012.748849},
	year = 2013,
	month = {feb},
	publisher = {Informa {UK} Limited},
	volume = {7},
	number = {1-2},
	pages = {189--203},
	author = {Tomas F. Domingues and Luiz A. Martinelli and James R. Ehleringer},
	title = {Seasonal patterns of leaf-level photosynthetic gas exchange in an eastern Amazonian rain forest},
	journal = {Plant Ecology {\&} Diversity}
}
@article{try_data_123,
	doi = {10.1080/11956860.2000.11682587},
	url = {https://doi.org/10.1080%2F11956860.2000.11682587},
	year = 2000,
	month = {jan},
	publisher = {Informa {UK} Limited},
	volume = {7},
	number = {2},
	pages = {183--194},
	author = {Bill Shipley and Martin J. Lechowicz},
	title = {The functional co-ordination of leaf morphology, nitrogen concentration, and gas exchange in40 wetland species},
	journal = {{\'{E}}coscience}
}
@article{try_data_124,
	doi = {10.1890/12-0328.1},
	url = {https://doi.org/10.1890%2F12-0328.1},
	year = 2012,
	month = {dec},
	publisher = {Wiley-Blackwell},
	volume = {93},
	number = {12},
	pages = {2674--2682},
	author = {Jessy Loranger and Sebastian T. Meyer and Bill Shipley and Jens Kattge and Hannah Loranger and Christiane Roscher and Wolfgang W. Weisser},
	title = {Predicting invertebrate herbivory from plant traits: evidence from 51 grassland species in experimental monocultures},
	journal = {Ecology}
}
@article{try_data_125,
	doi = {10.1046/j.1469-8137.1999.00435.x},
	url = {https://doi.org/10.1046%2Fj.1469-8137.1999.00435.x},
	year = 1999,
	month = {jul},
	publisher = {Wiley-Blackwell},
	volume = {143},
	number = {1},
	pages = {131--142},
	Author = {Vladimir I. Pyankov and Alexandra V. Kondratchuk and Bill Shipley},
	title = {Leaf structure and specific leaf mass: the alpine desert plants of the Eastern Pamirs, Tadjikistan},
	journal = {New Phytologist}
}
@article{try_data_126,
	doi = {10.2307/2390579},
	url = {https://doi.org/10.2307%2F2390579},
	year = 1995,
	month = {apr},
	publisher = {{JSTOR}},
	volume = {9},
	number = {2},
	pages = {312},
	author = {B. Shipley},
	title = {Structured Interspecific Determinants of Specific Leaf Area in 34 Species of Herbaceous Angiosperms},
	journal = {Functional Ecology}
}
@article{try_data_127,
	doi = {10.2307/2261337},
	url = {https://doi.org/10.2307%2F2261337},
	year = 1996,
	month = {oct},
	publisher = {{JSTOR}},
	volume = {84},
	number = {5},
	pages = {755},
	author = {J. H. C. Cornelissen and P. Castro Diez and R. Hunt},
	title = {Seedling Growth, Allocation and Leaf Attributes in a Wide Range of Woody Plant Species and Types},
	journal = {The Journal of Ecology}
}
@article{try_data_128,
	doi = {10.1093/treephys/20.3.179},
	url = {https://doi.org/10.1093%2Ftreephys%2F20.3.179},
	year = 2000,
	month = {feb},
	publisher = {Oxford University Press ({OUP})},
	volume = {20},
	number = {3},
	pages = {179--186},
	author = {F. E. Carswell and P. Meir and E. V. Wandelli and L. C. M. Bonates and B. Kruijt and E. M. Barbosa and A. D. Nobre and J. Grace and P. G. Jarvis},
	title = {Photosynthetic capacity in a central Amazonian rain forest},
	journal = {Tree Physiology}
}
@article{try_data_129,
	doi = {10.3732/ajb.91.2.228},
	url = {https://doi.org/10.3732%2Fajb.91.2.228},
	year = 2004,
	month = {feb},
	publisher = {Botanical Society of America},
	volume = {91},
	number = {2},
	pages = {228--246},
	author = {T. J. Givnish and R. A. Montgomery and G. Goldstein},
	title = {Adaptive radiation of photosynthetic physiology in the Hawaiian lobeliads: light regimes, static light responses, and whole-plant compensation points},
	journal = {American Journal of Botany}
}
@article{try_data_130,
	doi = {10.1046/j.1365-3040.1999.00423.x},
	url = {https://doi.org/10.1046%2Fj.1365-3040.1999.00423.x},
	year = 1999,
	month = {may},
	publisher = {Wiley-Blackwell},
	volume = {22},
	number = {5},
	pages = {447--459},
	Author = {D. Meziane and B. Shipley},
	title = {Interacting determinants of specific leaf area in 22 herbaceous species: effects of irradiance and nutrient availability},
	journal = {Plant, Cell {\&} Environment}
}
@article{try_data_131,
	doi = {10.1007/s11258-007-9320-y},
	url = {https://doi.org/10.1007%2Fs11258-007-9320-y},
	year = 2007,
	month = {jul},
	publisher = {Springer Nature},
	volume = {192},
	number = {2},
	pages = {277--287},
	author = {Patrick Meir and Peter E. Levy and John Grace and Paul G. Jarvis},
	title = {Photosynthetic parameters from two contrasting woody vegetation types in West Africa},
	journal = {Plant Ecology}
}
@article{try_data_132,
	doi = {10.1104/pp.113.3.961},
	url = {https://doi.org/10.1104%2Fpp.113.3.961},
	year = 1997,
	month = {mar},
	publisher = {American Society of Plant Biologists ({ASPB})},
	volume = {113},
	number = {3},
	pages = {961--965},
	author = {O. K. Atkin and MHM. Westbeek and M. L. Cambridge and H. Lambers and T. L. Pons},
	title = {Leaf Respiration in Light and Darkness (A Comparison of Slow- and Fast-Growing Poa Species)},
	journal = {Plant Physiology}
}
@article{try_data_133,
	doi = {10.1007/s004420050889},
	url = {https://doi.org/10.1007%2Fs004420050889},
	year = 1999,
	month = {sep},
	publisher = {Springer Nature},
	volume = {120},
	number = {4},
	pages = {544--554},
	author = {Owen K. Atkin and Marcus Schortemeyer and Nola McFarlane and John R. Evans},
	title = {The response of fast- and slow-growing Acacia species to elevated atmospheric {CO} 2 : an analysis of the underlying components of relative growth rate},
	journal = {Oecologia}
}
@article{try_data_134,
    crossref = {diaz_plant_2004}
}
@article{try_data_135,
	doi = {10.1111/j.1365-2435.2006.01080.x},
	url = {https://doi.org/10.1111%2Fj.1365-2435.2006.01080.x},
	year = 2006,
	month = {feb},
	publisher = {Wiley-Blackwell},
	volume = {20},
	number = {1},
	pages = {21--30},
	Author = {E. Kazakou and D. Vile and B. Shipley and C. Gallet and E. Garnier},
	title = {Co-variations in litter decomposition, leaf traits and plant growth in species from a Mediterranean old-field succession},
	journal = {Functional Ecology}
}
@article{try_data_136,
	doi = {10.1007/s11104-013-1658-4},
	url = {https://doi.org/10.1007%2Fs11104-013-1658-4},
	year = 2013,
	month = {mar},
	publisher = {Springer Nature},
	volume = {371},
	number = {1-2},
	pages = {53--66},
	author = {Andreas Demey and Jeroen Staelens and Lander Baeten and Pascal Boeckx and Martin Hermy and Jens Kattge and Kris Verheyen},
	title = {Nutrient input from hemiparasitic litter favors plant species with a fast-growth strategy},
	journal = {Plant and Soil}
}
