@article{more_pfts,
	doi = {10.1111/j.1365-2486.2012.02783.x},
	url = {https://doi.org/10.1111%2Fj.1365-2486.2012.02783.x},
	year = 2012,
	month = {aug},
	publisher = {Wiley-Blackwell},
	volume = {18},
	number = {11},
	pages = {3464--3475},
	author = {Isabelle Boulangeat and Pauline Philippe and Sylvain Abdulhak and Roland Douzet and Luc Garraud and S{\'{e}}bastien Lavergne and Sandra Lavorel and J{\'{e}}r{\'{e}}mie Van Es and Pascal Vittoz and Wilfried Thuiller},
	title = {Improving plant functional groups for dynamic models of biodiversity: at the crossroads between functional and community ecology},
	journal = {Global Change Biology}
}
@misc{linkages,
    author = {W. M. Post and J. Pastor},
    year = 2013,
    title = {LINKAGES: An individually-based Forest Ecosystem Biogeochemistry Model},
    publisher = {ORNL DAAC},
    doi = {10.3334/ORNLDAAC/1166}
}
@article{landis,
	doi = {10.1016/j.ecolmodel.2004.01.022},
	url = {https://doi.org/10.1016%2Fj.ecolmodel.2004.01.022},
	year = 2004,
	month = {dec},
	publisher = {Elsevier {BV}},
	volume = {180},
	number = {1},
	pages = {211--229},
	author = {Robert M. Scheller and David J. Mladenoff},
	title = {A forest growth and biomass module for a landscape simulation model, {LANDIS}: design, validation, and application},
	journal = {Ecological Modelling}
}
@techreport{clm45_note,
	title={Technical description of version 4.5 of the Community Land Model (CLM)},
	author={Oleson, Keith W. and Drewniak, Beth and Huang, Maoyi, and Koven, Charles D. and Levis, Samuel and Li, Fang and Riley, William J. and Subin, Zachary M. and Swenson, Sean C. and Thornton, Peter.E.},
	institution={NCAR Earth System Laboratory Climate and Global Dynamics Division},
	year={2013}
}
@article{wright_2004_worldwide,
	doi = {10.1890/05-1051},
	url = {https://doi.org/10.1890%2F05-1051},
	year = 2006,
	month = {mar},
	publisher = {Wiley-Blackwell},
	volume = {87},
	number = {3},
	pages = {535--541},
	author = {Bill Shipley and Martin J. Lechowicz and Ian Wright and Peter B. Reich},
	title = {{FUNDAMENTAL} {TRADE}-{OFFS} {GENERATING} {THE} {WORLDWIDE} {LEAF} {ECONOMICS} {SPECTRUM}},
	journal = {Ecology}
}
@article{atkin_2014_improving,
	doi = {10.1111/nph.12686},
	url = {https://doi.org/10.1111%2Fnph.12686},
	year = 2014,
	month = {apr},
	publisher = {Wiley-Blackwell},
	volume = {202},
	number = {3},
	pages = {743--748},
	author = {Owen K. Atkin and Patrick Meir and Matthew H. Turnbull},
	title = {Improving representation of leaf respiration in large-scale predictive climate-vegetation models},
	journal = {New Phytologist}
}
@article{atkin_2016_global,
	doi = {10.1111/nph.13253},
	url = {https://doi.org/10.1111%2Fnph.13253},
	year = 2015,
	month = {jan},
	publisher = {Wiley-Blackwell},
	volume = {206},
	number = {2},
	pages = {614--636},
	author = {Owen K. Atkin and Keith J. Bloomfield and Peter B. Reich and Mark G. Tjoelker and Gregory P. Asner and Damien Bonal and Gerhard Bönisch and Matt G. Bradford and Lucas A. Cernusak and Eric G. Cosio and Danielle Creek and Kristine Y. Crous and Tomas F. Domingues and Jeffrey S. Dukes and John J. G. Egerton and John R. Evans and Graham D. Farquhar and Nikolaos M. Fyllas and Paul P. G. Gauthier and Emanuel Gloor and Teresa E. Gimeno and Kevin L. Griffin and Rossella Guerrieri and Mary A. Heskel and Chris Huntingford and Fran{\c{c}}oise Yoko Ishida and Jens Kattge and Hans Lambers and Michael J. Liddell and Jon Lloyd and Christopher H. Lusk and Roberta E. Martin and Ayal P. Maksimov and Trofim C. Maximov and Yadvinder Malhi and Belinda E. Medlyn and Patrick Meir and Lina M. Mercado and Nicholas Mirotchnick and Desmond Ng and Ülo Niinemets and Odhran S. O{\textquotesingle}Sullivan and Oliver L. Phillips and Lourens Poorter and Pieter Poot and I. Colin Prentice and Norma Salinas and Lucy M. Rowland and Michael G. Ryan and Stephen Sitch and Martijn Slot and Nicholas G. Smith and Matthew H. Turnbull and Mark C. VanderWel and Fernando Valladares and Erik J. Veneklaas and Lasantha K. Weerasinghe and Christian Wirth and Ian J. Wright and Kirk R. Wythers and Jen Xiang and Shuang Xiang and Joana Zaragoza-Castells},
	title = {Global variability in leaf respiration in relation to climate, plant functional types and leaf traits},
	journal = {New Phytologist}
}
